%YAML 1.1
%TAG !u! tag:unity3d.com,2011:
--- !u!1 &6026408069620188017
GameObject:
  m_ObjectHideFlags: 0
  m_CorrespondingSourceObject: {fileID: 0}
  m_PrefabInstance: {fileID: 0}
  m_PrefabAsset: {fileID: 0}
  serializedVersion: 6
  m_Component:
  - component: {fileID: 5340546589117110701}
  m_Layer: 0
  m_Name: Formacion 4
  m_TagString: Untagged
  m_Icon: {fileID: 0}
  m_NavMeshLayer: 0
  m_StaticEditorFlags: 0
  m_IsActive: 1
--- !u!4 &5340546589117110701
Transform:
  m_ObjectHideFlags: 0
  m_CorrespondingSourceObject: {fileID: 0}
  m_PrefabInstance: {fileID: 0}
  m_PrefabAsset: {fileID: 0}
  m_GameObject: {fileID: 6026408069620188017}
  m_LocalRotation: {x: 0, y: 0, z: 0, w: 1}
  m_LocalPosition: {x: 0, y: 0, z: 0}
  m_LocalScale: {x: 1, y: 1, z: 1}
  m_Children:
  - {fileID: 8322300078001534690}
  - {fileID: 6748827517036300309}
  - {fileID: 4739124078056800360}
  - {fileID: 2270868869477219800}
  m_Father: {fileID: 0}
  m_RootOrder: 0
  m_LocalEulerAnglesHint: {x: 0, y: 0, z: 0}
--- !u!1001 &719558233955147141
PrefabInstance:
  m_ObjectHideFlags: 0
  serializedVersion: 2
  m_Modification:
    m_TransformParent: {fileID: 5340546589117110701}
    m_Modifications:
    - target: {fileID: 3285509642343439864, guid: e770978e5fd40344094c741aadafbcfe,
        type: 3}
      propertyPath: m_Name
      value: Enemy1 (1)
      objectReference: {fileID: 0}
    - target: {fileID: 5204087884122496493, guid: e770978e5fd40344094c741aadafbcfe,
        type: 3}
      propertyPath: m_LocalPosition.x
      value: -1.743
      objectReference: {fileID: 0}
    - target: {fileID: 5204087884122496493, guid: e770978e5fd40344094c741aadafbcfe,
        type: 3}
      propertyPath: m_LocalPosition.y
      value: -0.3418878
      objectReference: {fileID: 0}
    - target: {fileID: 5204087884122496493, guid: e770978e5fd40344094c741aadafbcfe,
        type: 3}
      propertyPath: m_LocalPosition.z
      value: 0.09664021
      objectReference: {fileID: 0}
    - target: {fileID: 5204087884122496493, guid: e770978e5fd40344094c741aadafbcfe,
        type: 3}
      propertyPath: m_LocalRotation.x
      value: -0
      objectReference: {fileID: 0}
    - target: {fileID: 5204087884122496493, guid: e770978e5fd40344094c741aadafbcfe,
        type: 3}
      propertyPath: m_LocalRotation.y
      value: -0
      objectReference: {fileID: 0}
    - target: {fileID: 5204087884122496493, guid: e770978e5fd40344094c741aadafbcfe,
        type: 3}
      propertyPath: m_LocalRotation.z
      value: -0
      objectReference: {fileID: 0}
    - target: {fileID: 5204087884122496493, guid: e770978e5fd40344094c741aadafbcfe,
        type: 3}
      propertyPath: m_LocalRotation.w
      value: 1
      objectReference: {fileID: 0}
    - target: {fileID: 5204087884122496493, guid: e770978e5fd40344094c741aadafbcfe,
        type: 3}
      propertyPath: m_RootOrder
      value: 2
      objectReference: {fileID: 0}
    - target: {fileID: 5204087884122496493, guid: e770978e5fd40344094c741aadafbcfe,
        type: 3}
      propertyPath: m_LocalEulerAnglesHint.x
      value: 0
      objectReference: {fileID: 0}
    - target: {fileID: 5204087884122496493, guid: e770978e5fd40344094c741aadafbcfe,
        type: 3}
      propertyPath: m_LocalEulerAnglesHint.y
      value: 0
      objectReference: {fileID: 0}
    - target: {fileID: 5204087884122496493, guid: e770978e5fd40344094c741aadafbcfe,
        type: 3}
      propertyPath: m_LocalEulerAnglesHint.z
      value: 0
      objectReference: {fileID: 0}
    m_RemovedComponents: []
  m_SourcePrefab: {fileID: 100100000, guid: e770978e5fd40344094c741aadafbcfe, type: 3}
--- !u!4 &4739124078056800360 stripped
Transform:
  m_CorrespondingSourceObject: {fileID: 5204087884122496493, guid: e770978e5fd40344094c741aadafbcfe,
    type: 3}
  m_PrefabInstance: {fileID: 719558233955147141}
  m_PrefabAsset: {fileID: 0}
--- !u!1001 &1553746840759670264
PrefabInstance:
  m_ObjectHideFlags: 0
  serializedVersion: 2
  m_Modification:
    m_TransformParent: {fileID: 5340546589117110701}
    m_Modifications:
    - target: {fileID: 3285509642343439864, guid: e770978e5fd40344094c741aadafbcfe,
        type: 3}
      propertyPath: m_Name
      value: Enemy1 (2)
      objectReference: {fileID: 0}
    - target: {fileID: 5204087884122496493, guid: e770978e5fd40344094c741aadafbcfe,
        type: 3}
      propertyPath: m_LocalPosition.x
      value: -0.45941162
      objectReference: {fileID: 0}
    - target: {fileID: 5204087884122496493, guid: e770978e5fd40344094c741aadafbcfe,
        type: 3}
      propertyPath: m_LocalPosition.y
      value: -1.343
      objectReference: {fileID: 0}
    - target: {fileID: 5204087884122496493, guid: e770978e5fd40344094c741aadafbcfe,
        type: 3}
      propertyPath: m_LocalPosition.z
      value: 0.09664021
      objectReference: {fileID: 0}
    - target: {fileID: 5204087884122496493, guid: e770978e5fd40344094c741aadafbcfe,
        type: 3}
      propertyPath: m_LocalRotation.x
      value: -0
      objectReference: {fileID: 0}
    - target: {fileID: 5204087884122496493, guid: e770978e5fd40344094c741aadafbcfe,
        type: 3}
      propertyPath: m_LocalRotation.y
      value: -0
      objectReference: {fileID: 0}
    - target: {fileID: 5204087884122496493, guid: e770978e5fd40344094c741aadafbcfe,
        type: 3}
      propertyPath: m_LocalRotation.z
      value: -0
      objectReference: {fileID: 0}
    - target: {fileID: 5204087884122496493, guid: e770978e5fd40344094c741aadafbcfe,
        type: 3}
      propertyPath: m_LocalRotation.w
      value: 1
      objectReference: {fileID: 0}
    - target: {fileID: 5204087884122496493, guid: e770978e5fd40344094c741aadafbcfe,
        type: 3}
      propertyPath: m_RootOrder
      value: 1
      objectReference: {fileID: 0}
    - target: {fileID: 5204087884122496493, guid: e770978e5fd40344094c741aadafbcfe,
        type: 3}
      propertyPath: m_LocalEulerAnglesHint.x
      value: 0
      objectReference: {fileID: 0}
    - target: {fileID: 5204087884122496493, guid: e770978e5fd40344094c741aadafbcfe,
        type: 3}
      propertyPath: m_LocalEulerAnglesHint.y
      value: 0
      objectReference: {fileID: 0}
    - target: {fileID: 5204087884122496493, guid: e770978e5fd40344094c741aadafbcfe,
        type: 3}
      propertyPath: m_LocalEulerAnglesHint.z
      value: 0
      objectReference: {fileID: 0}
    m_RemovedComponents: []
  m_SourcePrefab: {fileID: 100100000, guid: e770978e5fd40344094c741aadafbcfe, type: 3}
--- !u!4 &6748827517036300309 stripped
Transform:
  m_CorrespondingSourceObject: {fileID: 5204087884122496493, guid: e770978e5fd40344094c741aadafbcfe,
    type: 3}
  m_PrefabInstance: {fileID: 1553746840759670264}
  m_PrefabAsset: {fileID: 0}
--- !u!1001 &4271133768279239439
PrefabInstance:
  m_ObjectHideFlags: 0
  serializedVersion: 2
  m_Modification:
    m_TransformParent: {fileID: 5340546589117110701}
    m_Modifications:
    - target: {fileID: 3285509642343439864, guid: e770978e5fd40344094c741aadafbcfe,
        type: 3}
      propertyPath: m_Name
      value: Enemy1 (3)
      objectReference: {fileID: 0}
    - target: {fileID: 5204087884122496493, guid: e770978e5fd40344094c741aadafbcfe,
        type: 3}
      propertyPath: m_LocalPosition.x
      value: 0.722
      objectReference: {fileID: 0}
    - target: {fileID: 5204087884122496493, guid: e770978e5fd40344094c741aadafbcfe,
        type: 3}
      propertyPath: m_LocalPosition.y
      value: -0.38462353
      objectReference: {fileID: 0}
    - target: {fileID: 5204087884122496493, guid: e770978e5fd40344094c741aadafbcfe,
        type: 3}
      propertyPath: m_LocalPosition.z
      value: 0.09664021
      objectReference: {fileID: 0}
    - target: {fileID: 5204087884122496493, guid: e770978e5fd40344094c741aadafbcfe,
        type: 3}
      propertyPath: m_LocalRotation.x
      value: -0
      objectReference: {fileID: 0}
    - target: {fileID: 5204087884122496493, guid: e770978e5fd40344094c741aadafbcfe,
        type: 3}
      propertyPath: m_LocalRotation.y
      value: -0
      objectReference: {fileID: 0}
    - target: {fileID: 5204087884122496493, guid: e770978e5fd40344094c741aadafbcfe,
        type: 3}
      propertyPath: m_LocalRotation.z
      value: -0
      objectReference: {fileID: 0}
    - target: {fileID: 5204087884122496493, guid: e770978e5fd40344094c741aadafbcfe,
        type: 3}
      propertyPath: m_LocalRotation.w
      value: 1
      objectReference: {fileID: 0}
    - target: {fileID: 5204087884122496493, guid: e770978e5fd40344094c741aadafbcfe,
        type: 3}
      propertyPath: m_RootOrder
      value: 0
      objectReference: {fileID: 0}
    - target: {fileID: 5204087884122496493, guid: e770978e5fd40344094c741aadafbcfe,
        type: 3}
      propertyPath: m_LocalEulerAnglesHint.x
      value: 0
      objectReference: {fileID: 0}
    - target: {fileID: 5204087884122496493, guid: e770978e5fd40344094c741aadafbcfe,
        type: 3}
      propertyPath: m_LocalEulerAnglesHint.y
      value: 0
      objectReference: {fileID: 0}
    - target: {fileID: 5204087884122496493, guid: e770978e5fd40344094c741aadafbcfe,
        type: 3}
      propertyPath: m_LocalEulerAnglesHint.z
      value: 0
      objectReference: {fileID: 0}
    m_RemovedComponents: []
  m_SourcePrefab: {fileID: 100100000, guid: e770978e5fd40344094c741aadafbcfe, type: 3}
--- !u!4 &8322300078001534690 stripped
Transform:
  m_CorrespondingSourceObject: {fileID: 5204087884122496493, guid: e770978e5fd40344094c741aadafbcfe,
    type: 3}
  m_PrefabInstance: {fileID: 4271133768279239439}
  m_PrefabAsset: {fileID: 0}
--- !u!1001 &6321678865490485301
PrefabInstance:
  m_ObjectHideFlags: 0
  serializedVersion: 2
  m_Modification:
    m_TransformParent: {fileID: 5340546589117110701}
    m_Modifications:
    - target: {fileID: 3285509642343439864, guid: e770978e5fd40344094c741aadafbcfe,
        type: 3}
      propertyPath: m_Name
      value: Enemy1
      objectReference: {fileID: 0}
    - target: {fileID: 5204087884122496493, guid: e770978e5fd40344094c741aadafbcfe,
        type: 3}
      propertyPath: m_LocalPosition.x
      value: -0.484
      objectReference: {fileID: 0}
    - target: {fileID: 5204087884122496493, guid: e770978e5fd40344094c741aadafbcfe,
        type: 3}
      propertyPath: m_LocalPosition.y
      value: 0.8663528
      objectReference: {fileID: 0}
    - target: {fileID: 5204087884122496493, guid: e770978e5fd40344094c741aadafbcfe,
        type: 3}
      propertyPath: m_LocalPosition.z
      value: 0.09664021
      objectReference: {fileID: 0}
    - target: {fileID: 5204087884122496493, guid: e770978e5fd40344094c741aadafbcfe,
        type: 3}
      propertyPath: m_LocalRotation.x
      value: -0
      objectReference: {fileID: 0}
    - target: {fileID: 5204087884122496493, guid: e770978e5fd40344094c741aadafbcfe,
        type: 3}
      propertyPath: m_LocalRotation.y
      value: -0
      objectReference: {fileID: 0}
    - target: {fileID: 5204087884122496493, guid: e770978e5fd40344094c741aadafbcfe,
        type: 3}
      propertyPath: m_LocalRotation.z
      value: -0
      objectReference: {fileID: 0}
    - target: {fileID: 5204087884122496493, guid: e770978e5fd40344094c741aadafbcfe,
        type: 3}
      propertyPath: m_LocalRotation.w
      value: 1
      objectReference: {fileID: 0}
    - target: {fileID: 5204087884122496493, guid: e770978e5fd40344094c741aadafbcfe,
        type: 3}
      propertyPath: m_RootOrder
      value: 3
      objectReference: {fileID: 0}
    - target: {fileID: 5204087884122496493, guid: e770978e5fd40344094c741aadafbcfe,
        type: 3}
      propertyPath: m_LocalEulerAnglesHint.x
      value: 0
      objectReference: {fileID: 0}
    - target: {fileID: 5204087884122496493, guid: e770978e5fd40344094c741aadafbcfe,
        type: 3}
      propertyPath: m_LocalEulerAnglesHint.y
      value: 0
      objectReference: {fileID: 0}
    - target: {fileID: 5204087884122496493, guid: e770978e5fd40344094c741aadafbcfe,
        type: 3}
      propertyPath: m_LocalEulerAnglesHint.z
      value: 0
      objectReference: {fileID: 0}
    m_RemovedComponents: []
  m_SourcePrefab: {fileID: 100100000, guid: e770978e5fd40344094c741aadafbcfe, type: 3}
--- !u!4 &2270868869477219800 stripped
Transform:
  m_CorrespondingSourceObject: {fileID: 5204087884122496493, guid: e770978e5fd40344094c741aadafbcfe,
    type: 3}
  m_PrefabInstance: {fileID: 6321678865490485301}
  m_PrefabAsset: {fileID: 0}
